@article{deshpande2006matrix,
  title={Matrix approximation and projective clustering via volume sampling},
  author={Deshpande, Amit and Rademacher, Luis and Vempala, Santosh and Wang, Grant},
  journal={Theory of Computing},
  volume={2},
  number={1},
  pages={225--247},
  year={2006},
  publisher={Theory of Computing Exchange}
}

@article{rademacher2005matrix,
author = {Rademacher, Luis and Vempala, Santosh and Wang, Grant},
year = {2005},
month = {12},
pages = {},
title = {Matrix Approximation and Projective Clustering via Iterative Sampling}
}

@misc{drineas2007relativeerror,
    title={Relative-Error CUR Matrix Decompositions},
    author={Petros Drineas and Michael W. Mahoney and S. Muthukrishnan},
    year={2007},
    eprint={0708.3696},
    archivePrefix={arXiv},
    primaryClass={cs.DS}
}

@article{bernholt2004complexity,
  title={The complexity of computing the MCD-estimator},
  author={Bernholt, Thorsten and Fischer, Paul},
  journal={Theoretical Computer Science},
  volume={326},
  number={1-3},
  pages={383--398},
  year={2004},
  publisher={Elsevier}
}

@article{rousseeuw1999fast,
  title={A fast algorithm for the minimum covariance determinant estimator},
  author={Rousseeuw, Peter J and Driessen, Katrien Van},
  journal={Technometrics},
  volume={41},
  number={3},
  pages={212--223},
  year={1999},
  publisher={Taylor \& Francis Group}
}

@inproceedings{chawla2013k,
  title={k-means--: A unified approach to clustering and outlier detection},
  author={Chawla, Sanjay and Gionis, Aristides},
  booktitle={Proceedings of the 2013 SIAM International Conference on Data Mining},
  pages={189--197},
  year={2013},
  organization={SIAM}
}

@article{hubert2005robpca,
  title={ROBPCA: a new approach to robust principal component analysis},
  author={Hubert, Mia and Rousseeuw, Peter J and Vanden Branden, Karlien},
  journal={Technometrics},
  volume={47},
  number={1},
  pages={64--79},
  year={2005},
  publisher={Taylor \& Francis}
}

@article{candes2011robust,
  title={Robust principal component analysis?},
  author={Cand{\`e}s, Emmanuel J and Li, Xiaodong and Ma, Yi and Wright, John},
  journal={Journal of the ACM (JACM)},
  volume={58},
  number={3},
  pages={1--37},
  year={2011},
  publisher={ACM New York, NY, USA}
}